<?xml version="1.0" encoding="UTF-8"?>
  <record xmlns="http://www.loc.gov/MARC21/slim" type="Authority">
    <leader>00000nz  a2200000oc 4500</leader>
    <controlfield tag="001">1215132883</controlfield>
    <controlfield tag="003">DE-101</controlfield>
    <controlfield tag="005">20200804162222.0</controlfield>
    <controlfield tag="008">200804n||aznnnaabn           | aaa    |c</controlfield>
    <datafield tag="024" ind1="7" ind2=" ">
      <subfield code="a">1215132883</subfield>
      <subfield code="0">http://d-nb.info/gnd/1215132883</subfield>
      <subfield code="2">gnd</subfield>
    </datafield>
    <datafield tag="035" ind1=" " ind2=" ">
      <subfield code="a">(DE-101)1215132883</subfield>
    </datafield>
    <datafield tag="035" ind1=" " ind2=" ">
      <subfield code="a">(DE-588)1215132883</subfield>
    </datafield>
    <datafield tag="040" ind1=" " ind2=" ">
      <subfield code="a">DE-17</subfield>
      <subfield code="c">DE-17</subfield>
      <subfield code="9">r:DE-17</subfield>
      <subfield code="b">ger</subfield>
      <subfield code="d">0017</subfield>
      <subfield code="e">rda</subfield>
    </datafield>
    <datafield tag="042" ind1=" " ind2=" ">
      <subfield code="a">gnd3</subfield>
    </datafield>
    <datafield tag="043" ind1=" " ind2=" ">
      <subfield code="c">XA-DE</subfield>
    </datafield>
    <datafield tag="075" ind1=" " ind2=" ">
      <subfield code="b">p</subfield>
      <subfield code="2">gndgen</subfield>
    </datafield>
    <datafield tag="075" ind1=" " ind2=" ">
      <subfield code="b">piz</subfield>
      <subfield code="2">gndspec</subfield>
    </datafield>
    <datafield tag="079" ind1=" " ind2=" ">
      <subfield code="a">g</subfield>
      <subfield code="q">f</subfield>
    </datafield>
    <datafield tag="100" ind1="1" ind2=" ">
      <subfield code="a">Reuss, Johann Wilhelm Reinhard</subfield>
      <subfield code="d">1640-1690</subfield>
    </datafield>
    <datafield tag="400" ind1="1" ind2=" ">
      <subfield code="a">Reis, Johann Wilhelm Reinhard</subfield>
      <subfield code="d">1640-1690</subfield>
    </datafield>
    <datafield tag="400" ind1="1" ind2=" ">
      <subfield code="a">Reiss, Johann Wilhelm Leonhard</subfield>
      <subfield code="d">1640-1690</subfield>
    </datafield>
    <datafield tag="400" ind1="1" ind2=" ">
      <subfield code="a">Reyen, Johann Wilhelm Leonhard</subfield>
      <subfield code="d">1640-1690</subfield>
    </datafield>
    <datafield tag="500" ind1="1" ind2=" ">
      <subfield code="0">(DE-101)1037738764</subfield>
      <subfield code="0">(DE-588)1037738764</subfield>
      <subfield code="0">https://d-nb.info/gnd/1037738764</subfield>
      <subfield code="a">Reiss, Johann Balthasar</subfield>
      <subfield code="d">-1655</subfield>
      <subfield code="4">bezf</subfield>
      <subfield code="4">https://d-nb.info/standards/elementset/gnd#familialRelationship</subfield>
      <subfield code="w">r</subfield>
      <subfield code="i">Beziehung familiaer</subfield>
      <subfield code="e">Beziehung familiaer</subfield>
      <subfield code="9">v:Vater</subfield>
    </datafield>
    <datafield tag="500" ind1="1" ind2=" ">
      <subfield code="0">(DE-101)12138683X</subfield>
      <subfield code="0">(DE-588)12138683X</subfield>
      <subfield code="0">https://d-nb.info/gnd/12138683X</subfield>
      <subfield code="a">Reiss, Johann Friedrich</subfield>
      <subfield code="d">-1704</subfield>
      <subfield code="4">bezf</subfield>
      <subfield code="4">https://d-nb.info/standards/elementset/gnd#familialRelationship</subfield>
      <subfield code="w">r</subfield>
      <subfield code="i">Beziehung familiaer</subfield>
      <subfield code="e">Beziehung familiaer</subfield>
      <subfield code="9">v:Bruder</subfield>
    </datafield>
    <datafield tag="500" ind1="1" ind2=" ">
      <subfield code="0">(DE-101)1215127081</subfield>
      <subfield code="0">(DE-588)1215127081</subfield>
      <subfield code="0">https://d-nb.info/gnd/1215127081</subfield>
      <subfield code="a">Bickelhaupt, Susanna Elisabetha</subfield>
      <subfield code="d">1641-1674</subfield>
      <subfield code="4">bezf</subfield>
      <subfield code="4">https://d-nb.info/standards/elementset/gnd#familialRelationship</subfield>
      <subfield code="w">r</subfield>
      <subfield code="i">Beziehung familiaer</subfield>
      <subfield code="e">Beziehung familiaer</subfield>
      <subfield code="9">v:Schwester</subfield>
    </datafield>
    <datafield tag="548" ind1=" " ind2=" ">
      <subfield code="a">1640-1690</subfield>
      <subfield code="4">datl</subfield>
      <subfield code="4">https://d-nb.info/standards/elementset/gnd#dateOfBirthAndDeath</subfield>
      <subfield code="w">r</subfield>
      <subfield code="i">Lebensdaten</subfield>
      <subfield code="9">v:Geburtsdatum ungefähr</subfield>
    </datafield>
    <datafield tag="550" ind1=" " ind2=" ">
      <subfield code="0">(DE-101)040050815</subfield>
      <subfield code="0">(DE-588)4005081-6</subfield>
      <subfield code="0">https://d-nb.info/gnd/4005081-6</subfield>
      <subfield code="a">Beamter</subfield>
      <subfield code="4">beru</subfield>
      <subfield code="4">https://d-nb.info/standards/elementset/gnd#professionOrOccupation</subfield>
      <subfield code="w">r</subfield>
      <subfield code="i">Beruf</subfield>
    </datafield>
    <datafield tag="550" ind1=" " ind2=" ">
      <subfield code="0">(DE-101)041802098</subfield>
      <subfield code="0">(DE-588)4180209-3</subfield>
      <subfield code="0">https://d-nb.info/gnd/4180209-3</subfield>
      <subfield code="a">Schultheiß</subfield>
      <subfield code="4">beru</subfield>
      <subfield code="4">https://d-nb.info/standards/elementset/gnd#professionOrOccupation</subfield>
      <subfield code="w">r</subfield>
      <subfield code="i">Beruf</subfield>
    </datafield>
    <datafield tag="551" ind1=" " ind2=" ">
      <subfield code="0">(DE-101)041327802</subfield>
      <subfield code="0">(DE-588)4132780-9</subfield>
      <subfield code="0">https://d-nb.info/gnd/4132780-9</subfield>
      <subfield code="a">Büdingen</subfield>
      <subfield code="4">ortg</subfield>
      <subfield code="4">https://d-nb.info/standards/elementset/gnd#placeOfBirth</subfield>
      <subfield code="w">r</subfield>
      <subfield code="i">Geburtsort</subfield>
      <subfield code="9">v:vermutlicher Geburtsort</subfield>
    </datafield>
    <datafield tag="551" ind1=" " ind2=" ">
      <subfield code="0">(DE-101)041151194</subfield>
      <subfield code="0">(DE-588)4115119-7</subfield>
      <subfield code="0">https://d-nb.info/gnd/4115119-7</subfield>
      <subfield code="a">Messel</subfield>
      <subfield code="4">ortw</subfield>
      <subfield code="4">https://d-nb.info/standards/elementset/gnd#placeOfActivity</subfield>
      <subfield code="w">r</subfield>
      <subfield code="i">Wirkungsort</subfield>
    </datafield>
    <datafield tag="551" ind1=" " ind2=" ">
      <subfield code="0">(DE-101)040121453</subfield>
      <subfield code="0">(DE-588)4012145-8</subfield>
      <subfield code="0">https://d-nb.info/gnd/4012145-8</subfield>
      <subfield code="a">Dieburg</subfield>
      <subfield code="4">ortw</subfield>
      <subfield code="4">https://d-nb.info/standards/elementset/gnd#placeOfActivity</subfield>
      <subfield code="w">r</subfield>
      <subfield code="i">Wirkungsort</subfield>
    </datafield>
    <datafield tag="670" ind1=" " ind2=" ">
      <subfield code="a">Jahns S., Das Reichskammergericht und seine Richter: Darstellung, S. 236</subfield>
    </datafield>
    <datafield tag="672" ind1=" " ind2="0">
      <subfield code="a">Beliebter Augen-Lust, Schmertzliche Hinnehmung, in einer Christlichen Leich-Predigt Als die Viel Ehr- und Tugendreiche Fraw Susanna Elisabetha, deβ Ehrenhafften und Vorgeachten Herrn Jacob Bickelhauben, wohlverordneten Schueldieners zu Jugenheimb an der Bergstrassen, Vielgeliebte Eheliche Hauβ Fraw, Freytags Abends den 18. Septembr. Anno 1674 zu Jugenheimb in Christo Jesu seliglich verschieden, und auff den folgenden Ehnrengedächtniß-Tag des H. Apotstels Matthaei Christlich zur Erden bestattet worden.Vorgestellet, und auff fleissiges Ansuchen herauß gegeben, Durch Nicolaum Listen, der Zeit Pfarrern daselbsten [Beiträger und Widmungsempfänger]</subfield>
    </datafield>
  </record>
